<record><leader>00000cas a22000007a 4500</leader><controlfield tag="001">12054983</controlfield><controlfield tag="008">850520d18051805pauwr ne      0    0ger d</controlfield><datafield ind1=" " ind2=" " tag="010"><subfield code="a">sn 85054597 </subfield></datafield><datafield ind1=" " ind2=" " tag="040"><subfield code="a">NPH</subfield><subfield code="b">eng</subfield><subfield code="c">NPH</subfield><subfield code="d">NPX</subfield><subfield code="d">OCLCQ</subfield><subfield code="d">DLC</subfield><subfield code="d">UPM</subfield><subfield code="d">OCLCF</subfield></datafield><datafield ind1="1" ind2=" " tag="029"><subfield code="a">AU@</subfield><subfield code="b">000025798920</subfield></datafield><datafield ind1=" " ind2=" " tag="042"><subfield code="a">msc</subfield></datafield><datafield ind1="0" ind2="0" tag="245"><subfield code="a">Beylage zu dem Americanischen Adler.</subfield></datafield><datafield ind1=" " ind2=" " tag="260"><subfield code="a">[Easton, Pa. :</subfield><subfield code="b">Gedruckt bey Samuel Longcope],</subfield><subfield code="c">1805.</subfield></datafield><datafield ind1=" " ind2=" " tag="300"><subfield code="a">v.</subfield></datafield><datafield ind1=" " ind2=" " tag="310"><subfield code="a">Weekly</subfield></datafield><datafield ind1="0" ind2=" " tag="362"><subfield code="a">27. July, 1805-</subfield></datafield><datafield ind1="1" ind2=" " tag="362"><subfield code="a">Ceased in Aug. 1805?</subfield></datafield><datafield ind1=" " ind2=" " tag="500"><subfield code="a">Imprint recorded in Brigham, C.S. Amer. newspapers.</subfield></datafield><datafield ind1="4" ind2=" " tag="510"><subfield code="a">Brigham, C.S. Amer. newspapers,</subfield><subfield code="c">p. 843</subfield></datafield><datafield ind1=" " ind2=" " tag="580"><subfield code="a">German supplement of: American eagle (Easton, Northampton County, Pa.).</subfield></datafield><datafield ind1=" " ind2="0" tag="651"><subfield code="a">Easton (Northampton County, Pa.)</subfield><subfield code="v">Newspapers.</subfield></datafield><datafield ind1=" " ind2="7" tag="655"><subfield code="a">Newspapers.</subfield><subfield code="2">fast</subfield><subfield code="0">(OCoLC)fst01423814</subfield></datafield><datafield ind1=" " ind2="7" tag="651"><subfield code="a">Pennsylvania</subfield><subfield code="z">Easton (Northampton County)</subfield><subfield code="2">fast</subfield><subfield code="0">(OCoLC)fst01758552</subfield></datafield><datafield ind1="1" ind2=" " tag="700"><subfield code="a">Longcope, Samuel.</subfield></datafield><datafield ind1=" " ind2=" " tag="752"><subfield code="a">United States</subfield><subfield code="b">Pennsylvania</subfield><subfield code="c">Northampton</subfield><subfield code="d">Easton.</subfield></datafield><datafield ind1="1" ind2=" " tag="772"><subfield code="t">American eagle (Easton, Northampton County, Pa.)</subfield><subfield code="w">(DLC)sn 85054601</subfield></datafield><datafield ind1="0" ind2="0" tag="785"><subfield code="t">Beylage zu dem Amerikanischen Adler</subfield><subfield code="w">(DLC)sn 85054757</subfield></datafield></record>